2624 3584
28 1199 174 1226 ·versns

0 1252 69 1293 arsi
101 1265 173 1305 po—

0 1318 175 1359 :inerco-

0 1398 87 1425 recu
94 1383 176 1433 rva,

5 1585 178 1618 vescens,

0 1644 74 1679 mus
110 1653 178 1677 avi-

2 1787 40 1828 g.
68 1785 179 1826 corp.

0 1929 26 1955 1s
45 1914 181 1968 nigris.

27 1986 185 2035 praeter

0 2047 187 2095 vicantes,

0 2112 184 2167 plumata.

0 2179 95 2234 igris
128 2178 187 2218 in-

0 2244 59 2284 fra
97 2243 188 2297 pilis

0 2323 47 2350 er
72 2309 188 2350 fusco

0 2390 55 2429 vue
90 2376 190 2416 raris

1 2440 191 2482 ansversa

12 2630 193 2669 thoracis

0 2696 194 2744 altino-eis,

0 2766 72 2811 25⁸,
107 2763 197 2800 aelii

0 2842 62 2882 ng.
84 2839 195 2880 corp.

0 2983 86 3021 uso,
111 2967 199 3009 seta

22 1708 181 1746 alarum
229 1721 235 1730 ·

909 221 1126 261 Amo-icae
1164 221 1509 273 septentrionalis.

395 330 508 372 tenui
546 329 745 371 monada,
813 328 1027 371 Proboseis
1066 344 1157 372 eum
1199 331 1329 387 palpis
1366 330 1527 386 pallida.
1595 330 1794 387 superine
1828 332 2015 388 ocu‘pilis

395 396 608 438 dimidium
647 398 827 450 nigrum3
867 401 1007 438 vertex
1047 397 1264 456 concolor,
1301 397 1458 438 macula
1494 397 1654 452 geminii
1685 397 1839 453 polline
1873 397 2013 441 albido

393 462 566 517 aspersa.
625 460 790 502 Thorax
821 466 921 511 ater,
952 462 1122 513 nitidum
1161 463 1270 505 dorsi
1304 464 1404 503 vitta
1434 463 1628 505 latissima
1666 463 1821 519 polline
1848 464 2012 508 cinereo

393 542 534 584 opaca,
565 528 765 581 margines
796 526 983 568 laterales
1013 527 1168 583 polline
1204 529 1524 571 albido—cinereo
1553 530 1723 586 aspersi,
1761 529 1925 585 pleni-ae
1953 531 2012 573 in·

395 594 454 635 fra
485 593 637 648 polline
665 593 803 635 albido
832 595 1031 635 cinereae.
1091 594 1302 637 Abdomen
1332 600 1494 645 atrum,
1522 597 1720 645 nitidum,
1757 601 1901 640 ventre
1927 597 2014 654 pal-

393 660 489 701 lido.
550 659 675 701 Pedes
710 673 803 700 cum
840 660 955 701 coxis
986 661 1100 709 llavi,
1138 663 1333 703 extrenum
1372 662 1626 718 poeticorum
1663 660 1834 717 genibus
1870 663 2010 719 nigris.

393 725 496 768 Alae
524 725 937 780 cinereo-hyalinae,
973 726 1166 768 adversus
1195 732 1351 769 costam
1383 742 1433 769 cx
1462 728 1629 769 cinereo
1659 728 1926 782 aigi-icauna,
1953 730 2012 772 ita

395 798 439 833 ut
469 792 615 833 cellula
647 792 882 846 marginalis
912 792 1007 833 inde
1035 808 1055 833 a
1088 807 1215 835 venae
1244 797 1401 849 primae
1430 794 1510 836 line
1531 794 1684 848 reliqua
1705 794 1768 837 ata
1799 793 2012 839 obscurior

394 858 461 900 sit.
493 881 542 888 —
576 859 780 911 (Genaua,
809 859 1007 913 Conper.)

505 963 574 1005 95.
629 963 946 1005 Tetanocera
977 964 1217 1020 avtibigua
1255 979 1347 1005 nov.
1378 979 1437 1020 sp.
1467 963 1520 1011 (ἶ.
1590 966 1809 1006 antennae
1847 968 2010 1023 elonga-

393 1038 479 1081 tae,
508 1037 668 1076 tenues,
699 1032 889 1071 articulis
916 1032 1074 1071 ultimis
1114 1030 1267 1071 duobm
1304 1031 1632 1088 subaequalibuc,
1668 1035 1757 1072 seta
1786 1032 1901 1072 albo·
1916 1034 2009 1087 plu-

392 1100 528 1138 mosa.-
556 1098 646 1138 aIae
674 1099 1077 1152 nigro-reticulatae,
1107 1098 1228 1138 limbo
1256 1105 1394 1138 costae
1422 1104 1458 1138 et
1488 1099 1622 1152 apicis
1650 1104 1786 1153 nigro.
1809 1120 1861 1126 —
1886 1097 2011 1154 Long-

394 1176 504 1218 corp.
534 1164 616 1216 ²T⁷3
647 1163 733 1210 lin.,
764 1162 889 1217 Long.
923 1163 973 1204 al.
1005 1167 1059 1217 2}
1089 1163 1159 1204 lin.

503 1228 700 1284 Corporis
728 1230 858 1270 forma
889 1242 936 1269 ac
964 1229 1092 1285 figura
1122 1229 1291 1271 omnino
1310 1229 1601 1277 Tetanocerac,
1630 1231 1698 1271 sed
1729 1233 1852 1283 caput
1881 1235 1919 1271 et
1940 1243 2009 1271 an·

392 1301 541 1337 tennae
568 1295 834 1352 Sepedontis,
878 1296 933 1336 ila
977 1302 1018 1336 ut
1056 1296 1171 1351 quasi
1208 1297 1448 1338 intermedia
1487 1298 1595 1337 inter
1632 1300 1851 1350 utrumque
1882 1310 2009 1350 genus

390 1367 593 1419 appareat.
652 1361 713 1403 Ex
743 1362 859 1403 fusco
888 1366 1088 1412 testacea,
1129 1363 1295 1403 thorace
1330 1368 1370 1403 et
1399 1363 1616 1416 abdomine
1654 1363 1767 1402 fusco
1798 1361 2007 1417 punctula-

392 1430 456 1470 tis.
517 1429 641 1470 Frons
679 1429 872 1482 utrinque
909 1429 1086 1470 maculas
1126 1428 1241 1469 binas
1277 1430 1412 1484 nigras
1450 1429 1589 1478 habet,
1632 1441 1804 1482 quarum
1838 1428 2009 1470 inferior

390 1496 506 1551 juxta
536 1501 734 1537 antennas
761 1496 838 1535 sita
869 1499 943 1536 est.
1001 1496 1214 1536 Antennae
1235 1495 1392 1548 longae,
1421 1499 1579 1543 tenues,
1607 1499 1823 1544 testaceae,
1850 1496 2007 1551 apicem

391 1576 530 1603 versus
563 1562 720 1617 nigrae;
748 1561 942 1602 articulus
971 1562 1174 1603 secundus
1208 1561 1332 1603 tertio
1362 1561 1631 1615 subaequalis,
1662 1561 1753 1616 pilis
1784 1561 2006 1604 rarioribus

391 1628 516 1683 nigris
547 1628 789 1677 instructus,
817 1627 1015 1668 articulus
1044 1629 1191 1668 tertius
1220 1627 1411 1676 obtusus,
1444 1633 1528 1668 seta
1558 1627 1667 1675 alba,
1709 1628 1835 1668 basim
1866 1643 2006 1670 versus

393 1694 514 1744 lutea,
543 1694 855 1748 albo-plumosa.
919 1693 1057 1735 Facies
1087 1707 1214 1748 prope
1245 1699 1442 1734 antennas
1473 1693 1727 1734 tuberculum
1760 1692 2005 1748 laevigatam

390 1760 554 1801 badium
585 1760 722 1801 babet.
784 1759 911 1801 Pedes
943 1760 1132 1808 testacei,
1162 1760 1272 1800 tibiis
1303 1761 1448 1800 antieis
1477 1763 1638 1814 practer
1667 1759 1814 1808 basin»,
1842 1761 2008 1816 reliquis

389 1828 431 1868 in
461 1828 576 1882 apice
607 1827 747 1880 nigris.
808 1826 909 1867 Alae
939 1825 1230 1873 breviusculae,
1263 1825 1674 1880 nigro-reticuialae,
1702 1825 1873 1882 guttulis
1903 1840 2006 1868 mar-

389 1893 589 1949 ginalibus
618 1892 741 1934 nullis
772 1893 826 1933 ita
859 1896 903 1932 ut
934 1892 1081 1932 limbus
1110 1895 1249 1932 costae
1278 1896 1319 1931 et
1341 1892 1466 1947 apicis
1485 1892 1614 1946 niger,
1645 1892 1836 1947 marginis
1857 1893 2003 1949 postici

389 1974 442 2001 ex
472 1960 588 2015 nigro
618 1959 803 2000 cinereus
839 1958 910 2006 silg
952 1972 1052 1999 vena
1090 1963 1317 2000 transversa
1355 1958 1558 2011 posterior
1596 1957 1714 1999 valde
1744 1963 1922 2001 arcuata.
1951 1980 2006 1987 —

388 2025 577 2078 (Maiae.)

500 2124 569 2166 96.
599 2126 914 2179 Sapromyza
943 2124 1122 2165 decora
1153 2137 1244 2164 nov.
1265 2137 1325 2178 sp.
1357 2120 1402 2166 S?-
1464 2124 1718 2173 Flave-scene,
1748 2124 1918 2164 macuta
1936 2129 2003 2165 ni-

386 2196 479 2247 gris
506 2195 737 2247 variegata,
766 2189 995 2244 alis-fusco
1013 2191 1255 2231 reticulatis.
1286 2213 1340 2217 —
1370 2187 1496 2245 Long.
1528 2202 1641 2244 corp.
1670 2190 1725 2241 2}
1756 2189 1842 2238 lin..
1876 2188 2001 2246 Loug-

388 2257 441 2299 al.
467 2258 523 2310 2÷
554 2255 623 2297 lin.

503 2323 646 2365 Dilute
672 2324 908 2372 flavescens,
937 2323 1040 2363 inira
1070 2322 1275 2378 pallidior.
1332 2322 1493 2364 Tertius
1513 2328 1780 2364 antennarum
1811 2323 2004 2364 articulus

388 2389 629 2444 triangulus..
659 2402 781 2443 supra
812 2388 959 2430 leviter
987 2389 1163 2439 excisus,
1192 2389 1277 2429 sela
1308 2389 1637 2444 nigro-plumata.
1694 2388 1827 2430 Frons
1846 2394 2005 2443 praeter

387 2457 589 2511 margines
618 2454 976 2510 nigro-maculatos
1004 2468 1206 2503 convexa,
1236 2455 1381 2502 nitida,
1411 2455 1611 2496 maculam
1640 2456 1843 2509 geminam
1874 2462 2003 2498 atram

386 2537 539 2579 gerens.
598 2525 739 2564 Genae
768 2526 807 2562 et
838 2521 998 2574 occiput
1029 2521 1377 2562 fusco-maculata.
1435 2519 1601 2562 Thorax
1631 2525 1672 2561 et.
1691 2520 1891 2563 abdomen
1921 2537 2003 2564 ma-

384 2589 486 2631 culis
514 2591 653 2645 nigris,
681 2588 863 2630 seriatim
895 2587 1101 2642 dispositis
1130 2592 1285 2628 ornata.
1348 2587 1517 2629 Femora
1539 2587 1697 2641 singula
1719 2588 1822 2628 infra
1844 2590 2004 2631 macula

384 2657 501 2713 nigra
530 2661 682 2698 notata.
728 2655 827 2713 Alae
856 2653 1245 2702 fusco-reticulatae,
1274 2652 1386 2695 costa
1408 2659 1447 2695 et
1475 2655 1591 2709 apice
1620 2653 1798 2704 radiatis,
1827 2654 1941 2698 disco
1961 2661 2004 2698 et

385 2725 565 2779 margine
593 2723 755 2779 postico
783 2720 966 2777 guttatis.
999 2743 1049 2749 —-
1078 2719 1209 2772 (Lake
1241 2720 1403 2775 Georgo
1432 2719 1479 2761 N.
1512 2719 1586 2770 Y.;
1615 2719 1959 2774 Oeten-Saeken.)

441 2790 583 2831 Nota.
643 2789 797 2844 Capitis
829 2788 958 2828 forma
987 2792 1028 2828 et
1058 2787 1275 2843 praecipue
1306 2791 1577 2827 antennarum
1605 2786 1811 2829 simillima
1840 2789 2003 2843 quibus·

497 2857 590 2898 dam
619 2854 903 2904 Tetauoceris3
938 2853 1018 2895 hoe
1047 2857 1089 2895 et
1120 2853 1333 2909 peculiaris
1364 2852 1510 2894 frontis
1539 2852 1669 2908 figura
1697 2866 1860 2896 eausam
1891 2869 2003 2910 prae·

496 2923 593 2970 baut
621 2922 831 2972 eximiam,
859 2925 903 2962 ut
932 2920 1033 2962 haec
1061 2920 1218 2974 species
1246 2933 1322 2975 pro
1352 2924 1455 2975 typo
1486 2919 1682 2961 habeatur
1711 2921 1829 2962 unius
1858 2936 2000 2964 eorum

495 3003 704 3045 generum,
734 2988 776 3028 in
805 3000 911 3042 quae
939 2985 1220 3041 Sapromyzae
1250 2984 1543 3041 discerpendae
1572 2990 1679 3028 sunt.

1671 3052 1724 3093 19
