2592 3648
674 233 755 275 164
1269 234 1322 273 11.
1351 234 1491 273 Loew:
1522 233 1703 288 Diptera

670 343 836 386 cervino
866 343 1069 392 cinereus,
1105 340 1256 397 pleuris
1284 342 1564 393 dilutioribus,
1599 342 1827 383 ordinariae
1861 341 2038 384 thoracis
2068 344 2195 384 vittae
2223 343 2281 384 su·

670 423 775 459 scae,
805 408 988 450 laterales
1019 409 1214 462 integrae,
1244 409 1376 450 media
1407 410 1540 450 antice
1569 409 1774 455 obsoleta,
1807 423 1879 463 per
1908 409 2050 449 vittam
2080 409 2281 449 cinereum

671 476 714 515 in
742 480 877 529 partes
909 474 1021 514 vittis
1050 473 1284 516 lateralibus
1315 475 1444 516 multo
1473 476 1728 530 angustiores
1748 474 1932 515 dissecta.
1991 473 2218 516 Scutellum
2242 479 2283 515 et

671 545 923 581 metanotum
957 540 1227 581 irmaculata.
1286 541 1498 582 Abdomen
1529 545 1751 582 testaceum
1781 540 1847 581 vel
1876 540 2102 591 lutescens,
2141 540 2282 594 margi·

672 608 790 647 nibus
819 605 1051 646 lateralibus
1086 610 1127 646 et
1164 607 1315 648 ultimis
1352 608 1572 663 segmentis
1610 606 1848 662 plerumque
1877 606 2085 648 subfuscis.
2143 605 2282 660 Hypo·

670 673 839 729 pygium
869 672 997 712 dilute
1024 672 1240 721 lutcsccns,
1271 673 1373 714 infra
1401 674 1716 722 subcarinatum,
1753 674 1923 728 nigrum.
1982 673 2110 713 Pedes
2139 671 2283 726 gracil-

671 738 770 789 limi,
798 738 998 779 t'emorum
1029 738 1143 791 apice
1175 739 1303 792 nigro.
1352 739 1453 780 Alae
1482 741 1679 788 cinereae,
1708 740 1898 792 stigmate
1927 753 1978 779 ex
2009 738 2125 793 nigro
2154 738 2283 785 fusco,

671 809 830 859 praeter
857 804 1049 845 trientem
1079 804 1273 859 apicalem
1304 806 1470 846 maculis
1499 806 1659 846 circiter
1686 819 1756 845 sex
1787 805 1950 855 albidis,
1982 803 2109 845 tribus
2140 804 2281 857 margi-

671 872 734 912 nis
763 871 910 925 postici
940 870 1194 923 totidemque
1225 870 1343 921 disci,
1381 871 1629 926 variegatae,
1669 870 1835 911 {naculis
1872 870 2165 924 nigricantibus
2193 868 2282 911 sub-

671 937 804 978 nullis.
833 959 888 965 -‹—
918 935 1103 989 (Maiae.)

777 1068 816 1109 8.
852 1068 1040 1122 Tipula
1068 1073 1308 1121 suspecta
1338 1082 1433 1109 nov.
1464 1083 1522 1123 sp.
1570 1067 1614 1114 Ω.
1675 1070 1953 1118 Cinerascens,
1983 1069 2194 1110 «abdomine
2222 1076 2281 1109 te-

671 1142 824 1183 staceo,
856 1136 1039 1174 thoracis
1070 1139 1184 1174 vittis
1214 1135 1342 1174 tribus
1360 1135 1517 1186 fuscis,
1546 1137 1680 1176 media
1708 1141 1751 1176 in
1777 1141 1919 1188 partes
1955 1140 2071 1176 vittis
2099 1137 2282 1177 laterali-

669 1202 742 1241 bus
770 1216 853 1242 non
881 1206 1146 1256 angustiores
1166 1201 1321 1251 divim,-
1351 1203 1441 1242 alae
1461 1206 1656 1251 cinereae,
1684 1202 1855 1242 maculis
1875 1203 2178 1256 nigricantibus
2196 1202 2282 1242 sub-

669 1269 807 1315 nullis,
836 1267 1105 1307 albicantibus
1136 1268 1407 1321 compluribus
1435 1273 1687 1324 variegatae,
1716 1269 1876 1308 macula
1894 1269 2128 1323 nigricante
2147 1274 2191 1310 in
2210 1270 2283 1309 cel-

670 1336 845 1375 lularum
873 1333 1071 1373 basalium
1101 1334 1224 1374 initio
1262 1334 1396 1384 nulld,
1434 1336 1605 1374 maculis
1634 1334 1902 1374 albicantibus
1940 1339 1982 1374 in
2010 1339 2168 1388 postico
2196 1335 2281 1374 alo·

669 1416 760 1441 rum
790 1405 975 1455 margine
1004 1398 1145 1439 tribus.
1176 1422 1229 1429 —-
1261 1398 1384 1454 Long.
1416 1414 1524 1455 corp.
1554 1401 1607 1454 62}
1638 1400 1723 1450 lin.,
1757 1399 1884 1456 Long.
1915 1400 1965 1441 al.
1996 1403 2079 1454 6r⁵5
2108 1401 2179 1441 lin.

784 1466 1046 1507 Praecedenti
1074 1465 1313 1520 persimilis,
1350 1467 1421 1507 sed
1449 1467 1617 1520 siugulis
1655 1467 1780 1507 vittae
1810 1466 1981 1508 dorsalis
2011 1467 2167 1508 mediae
2197 1479 2268 1521 par

670 1533 777 1575 tibus
813 1532 943 1574 multo
981 1532 1192 1573 latioribus
1222 1533 1401 1583 diversa,
1437 1533 1615 1574 foemina
1652 1533 1820 1574 forsitan
1852 1534 1971 1574 illius.
2005 1556 2056 1563 --
2087 1533 2283 1585 (District

670 1600 907 1650 Columbia3
938 1597 1283 1650 Osten-Sacken.)

781 1732 820 1772 9.
856 1731 1043 1786 Tipala
1074 1730 1318 1785 ignobilis
1348 1744 1443 1771 nov.
1471 1745 1529 1785 sp.
1569 1729 1615 1775 Ω.
1675 1733 1959 1781 Cinerascens,
1996 1732 2178 1773 thoracis
2207 1735 2281 1772 vit-

670 1801 726 1840 tis
742 1798 888 1854 fuscis
917 1799 1245 1852 immarginatis,
1282 1797 1416 1836 medici
1445 1797 1602 1846 divisa,
1639 1798 1851 1838 abdomine
1882 1801 1947 1849 (in
1974 1803 2193 1853 specimine
2220 1798 2284 1838 de-

669 1865 846 1918 scripto)
876 1864 1024 1914 livido,·
1051 1865 1141 1904 alae
1170 1869 1366 1913 cinereae,
1393 1865 1563 1904 vunculis
1581 1865 1736 1919 altquot
1764 1865 1911 1905 albidis
1930 1870 2183 1920 variegatae,
2211 1869 2283 1905 sti-

668 1938 809 1988 gmate
825 1932 974 1986 fusco,
1003 1931 1157 1970 cellulis
1185 1930 1481 1984 posterioribus
1516 1931 1789 1981 dilatioribus,
1819 1932 1891 1972 sed
1916 1937 2081 1984 praeter
2108 1932 2283 1972 subalbi-

670 2000 764 2039 dam
789 2002 948 2052 primae
982 1997 1108 2037 basim
1149 1997 1441 2043 immaculatis,
1477 1999 1647 2037 maculis
1677 1998 1821 2038 albidis
1855 2003 1900 2038 in
1933 2003 2094 2051 postico
2121 2000 2283 2039 alarum

670 2067 856 2120 margi-te
883 2065 1019 2104 nullis.
1056 2086 1102 2091 —-
1135 2062 1261 2117 [song.
1292 2077 1402 2119 corp.
1433 2063 1460 2103 6
1490 2063 1573 2114 lin.,
1602 2062 1728 2118 Long.
1759 2064 1811 2103 al.
1842 2065 1896 2119 65-
1925 2064 1993 2105 lin.

783 2131 917 2186 Caput
945 2130 1167 2178 cinereum,
1196 2129 1330 2170 fronte
1360 2129 1529 2184 angusta
1561 2143 1642 2170 non
1672 2130 1832 2171 lineata.
1907 2130 2063 2186 Scapus
2093 2136 2283 2172 antenna·

670 2211 759 2238 rum
789 2202 828 2238 et
859 2197 1014 2251 primus
1044 2195 1193 2251 flagelli
1223 2195 1416 2236 articulus
1447 2196 1594 2247 ssavus,
1632 2196 1790 2240 articuli
1823 2196 1969 2250 reliqui
1999 2211 2049 2238 ex
2080 2197 2193 2252 nigro
2223 2196 2282 2237 fu·
2343 2245 2346 2248 ,
2408 2190 2410 2192 ’

669 2264 741 2314 sci,
773 2263 853 2304 ima
883 2262 965 2303 basi
997 2262 1124 2321 nigra.
1181 2262 1376 2304 Rostrum
1406 2262 1699 2316 ferrugineum,
1734 2262 1841 2317 palpi
1873 2276 1924 2303 cx
1953 2263 2185 2318 ferrugineo
2215 2263 2283 2304 ob-

670 2343 788 2371 scure
816 2330 929 2370 susci.
986 2327 1150 2368 Thorax
1181 2327 1537 2377 alludo-cinereus,
1566 2329 1678 2369 vittis
1707 2328 1829 2369 fuscis
1858 2330 2173 2385 immargin‘atis,
2203 2344 2282 2370 me-

672 2396 739 2437 dia
770 2411 839 2451 per
867 2395 1016 2436 lineam
1037 2394 1295 2445 albicantem,
1323 2395 1457 2435 antice
1475 2394 1801 2449 subduplicatam
1823 2396 2009 2436 dissecta.
2066 2395 2281 2437 Abdomen

670 2464 713 2503 in
743 2463 965 2518 specimine
994 2462 1198 2516 descripto
1242 2461 1432 2511 lividum,
1478 2461 1667 2516 utrinque
1704 2461 1887 2503 obsoletc
1923 2461 2280 2502 fusco-vittatam.

670 2528 843 2571 Terebra
874 2532 1063 2576 testacea,
1091 2527 1262 2568 lamellis
1290 2528 1447 2583 superis
1476 2528 1670 2582 angustis,
1701 2529 1833 2577 rectis,
1864 2529 2008 2568 acutis.
2067 2526 2282 2568 Fennorum

671 2610 775 2651 apex
804 2610 855 2635 ex
885 2594 999 2634 fusco
1027 2594 1153 2647 niger.
1213 2594 1311 2635 Alae
1341 2596 1534 2644 cinereae,
1565 2594 1732 2634 maculis
1763 2594 1918 2648 aliquot
1942 2593 2172 2649 majusculis
2192 2592 2283 2633 sub-

670 2662 815 2703 albidis
845 2662 1091 2714 variegatae,
1120 2661 1264 2715 stigma
1299 2661 1551 2709 subfuscum,
1588 2660 1760 2701 cellulae
1796 2661 2039 2715 posteriores
2075 2660 2194 2714 paulo
2227 2659 2283 2699 di-

670 2728 797 2768 lutius
828 2728 999 2775 tinctae,
1043 2727 1110 2766 sed
1151 2732 1309 2782 praeter
1343 2726 1590 2767 subalbidam
1630 2728 1781 2782 primae
1821 2727 1947 2767 basim
1978 2727 2283 2776 immaculatae,

670 2794 852 2836 maculae
882 2792 1039 2832 albidas
1070 2793 1109 2832 in
1142 2793 1299 2848 postico
1330 2794 1482 2834 alarum
1506 2794 1687 2849 margine
1707 2793 1851 2834 nullae.
1875 2815 1928 2822 -
1949 2792 2096 2844 (Distr.
2118 2792 2283 2834 Colum-

672 2861 755 2912 bia,
786 2859 1129 2911 Oeten-Sacken.)

2527 2477 2592 2501 rac

2527 2529 2592 2568 dou

2527 2598 2592 2635 ali«

2526 2663 2592 2701 celi

2525 2796 2592 2835 lul«
