2552 3600
494 231 550 274 9⁰
1074 231 1127 272 Η.
1159 232 1297 273 Loew:
1331 231 1511 288 θερίσαι

603 343 669 385 75.
705 342 929 397 Trypeta
955 346 1224 398 geminata
1252 356 1348 385 nov.
1383 357 1444 399 sp.
1495 341 1541 389 Ω.
1601 342 1668 384 Ex
1694 343 1805 384 taceo
1833 346 2009 394 cco-erm,
2038 358 2108 385 ea·

490 414 589 463 pite,
619 410 802 450 thoracis
829 410 1020 465 margine
1048 410 1233 461 later-att,
1267 411 1458 461 seutella,
1495 410 1722 451 ebdominta
1760 410 1931 452 demedio
1966 410 2113 463 banau,

492 476 695 529 semorum
726 480 855 531 apice,
884 476 997 517 tibiis
1025 482 1231 534 lanisque
1243 477 1399 533 flavis,
1425 479 1602 532 pleurts,
1630 483 1856 529 melanolo,
1885 477 2113 519 abdominis

493 544 665 584 maculis
693 549 730 583 et
761 547 892 596 apice,
920 543 1080 584 terebret
1106 544 1408 600 femoribusque
1444 559 1496 586 ex
1523 548 1649 600 aigro
1664 544 1835 600 susci&
1870 545 1963 585 alae
1989 559 2111 599 prae·

492 618 556 650 ter
582 610 710 650 basim
728 610 906 665 fuscae,
942 611 1115 666 limpido
1153 618 1366 668 guttatae,
1399 613 1581 668 gaetulis
1609 612 1714 654 disee·
1744 613 1912 653 minutis
1940 616 2111 653 rav-test·

493 683 582 721 mis,
610 681 746 733 guttis
776 682 982 733 marginis
1008 683 1160 732 postici
1194 679 1442 731 majoribus,
1478 679 1627 735 anguli
1661 676 2111 734 axillarts‘confiruo-

493 744 617 794 ribus,
645 745 815 785 maculis
847 747 1018 801 dentque
1047 745 1202 786 duabus
1229 746 1449 787 ementibus
1477 750 1660 802 trigonis
1688 746 1884 802 limpida.
1912 769 1959 777 —
1982 743 2109 802 Long.

495 825 604 867 corp.
635 813 661 851 ‘2
692 811 776 862 lin„
808 809 933 867 Long.
966 811 1019 853 al.
1051 812 1106 865 2-3—
1133 811 1204 853 liu.

604 889 736 944 Caput
773 888 925 944 pallide
964 890 1128 930 ssavum.
1200 888 1327 930 Frons
1363 888 1465 940 lata,
1508 890 1606 931 setis
1647 890 1865 932 ordinariis
1900 889 2111 931 subfuscis.

495 955 707 996 Antennae
736 955 906 996 obscure
935 955 1081 1007 flavae,
1109 955 1272 997 articuli
1301 956 1413 997 tertii
1443 955 1592 1011 angulo
1612 955 1758 1012 apicali
1788 955 1999 1008 subacuta,
2026 957 2112 999 seta

496 1022 621 1062 basim
655 1035 793 1062 versus
823 1021 1058 1063 incrassata.
1110 1022 1247 1064 Facies
1277 1022 1438 1064 modice
1467 1035 1660 1064 concava.
1706 1021 1804 1064 Oris
1832 1028 2020 1079 apertura
2049 1039 2112 1065 ro·

497 1089 632 1139 lunda,
663 1087 905 1143 proboscide
937 1089 1068 1139 brevi,
1098 1103 1178 1130 non
1209 1088 1450 1144 geniculata.
1500 1088 1696 1131 Thoracis
1725 1089 1889 1131 dorsum
1920 1105 1972 1133 ex
2003 1090 2113 1133 luteo

495 1156 714 1206 cinereum,
745 1155 927 1211 margine
946 1155 1105 1198 laterali
1126 1156 1247 1206 ssavo,
1275 1156 1373 1197 sctis
1393 1155 1610 1197 ordinariis
1637 1156 1774 1208 fuscis,
1805 1154 1897 1212 pilis
1915 1157 2113 1199 confertis

497 1236 623 1278 prope
654 1222 845 1264 humeros
874 1223 1013 1277 nigris,
1043 1223 1084 1264 in
1113 1223 1271 1278 reliquo
1299 1222 1467 1264 thorace
1496 1222 1762 1280 pallidissime
1789 1223 2111 1266 flavescentibus.

498 1288 663 1329 Pleume
693 1302 743 1330 ex
775 1289 894 1344 nigro
923 1289 1075 1340 fuscae,
1103 1290 1198 1345 pilis
1226 1289 1431 1346 plerisque
1459 1290 1599 1345 nigris.
1643 1289 1894 1332 Metanotum
1924 1305 1976 1333 ex
1997 1291 2113 1345 nigro

497 1356 664 1396 fuscum.
710 1355 924 1397 Abdomen
955 1357 1108 1398 ssavum
1137 1362 1313 1411 quatuor
1342 1356 1588 1398 macularum
1619 1357 1903 1410 nigricantium
1934 1357 2113 1400 seriebus

497 1426 703 1471 notatum,
739 1423 909 1464 maculis
945 1424 1118 1477 singulis
1156 1424 1197 1465 in
1235 1424 1529 1479 posterioribus
1565 1424 1784 1478 segmentis
1824 1424 2044 1466 maioribus
2073 1428 2112 1465 et

498 1489 552 1530 ita
582 1490 894 1540 confluentibus,
923 1495 970 1532 ut
999 1491 1214 1531 dimidium
1235 1490 1467 1532 abdominis
1484 1490 1687 1546 posterius
1716 1490 1802 1532 sere
1822 1495 1953 1532 totum
1975 1489 2114 1532 colore

498 1556 745 1611 nigro-fusco
783 1557 939 1612 pictum
972 1558 1047 1608 sit3
1084 1556 1156 1613 pili
1195 1557 1422 1598 abdominis
1458 1556 1723 1612 pallidissime
1758 1556 2114 1607 subflavescentes,

499 1623 538 1662 in
570 1622 737 1663 maculis
766 1624 949 1665 obscuris
983 1624 1242 1677 nigricantes.
1300 1622 1475 1665 Terebra
1505 1638 1558 1665 ex
1596 1623 1707 1665 fusco
1737 1624 1875 1680 nigra,
1907 1623 2114 1677 depressa,

497 1688 652 1730 duobus
691 1689 847 1731 ultimis
883 1690 1114 1732 abdominis
1149 1690 1370 1746 segmentis
1405 1690 1525 1731 simul
1561 1691 1733 1746 sumptis
1770 1689 1899 1732 multo
1936 1689 2112 1731 brevior.

499 1810 712 1858 rotundata3
741 1811 844 1865 palpi
872 1810 1081 1859 latiusculi,
1106 1811 1246 1866 pallide
1274 1812 1379 1859 ssavi,
1412 1810 1712 1866 albo-pilosuli3
1744 1811 1946 1866 proboscis
1973 1810 2113 1856 brevis,

499 1887 571 1911 non
604 1871 831 1924 gcniculata,
867 1871 981 1911 fusca.
1037 1871 1219 1913 Thoracis
1247 1872 1400 1911 dorsum
1433 1879 1574 1921 atrum,
1607 1872 1786 1919 nitidum,
1820 1878 1968 1926 praeter
2002 1870 2114 1909 latera

499 1948 612 1971 aeneo
638 1932 861 1986 splendens,
888 1931 1045 1971 maculis
1074 1932 1289 1973 lateralibus
1317 1934 1495 1986 utrinque
1526 1933 1671 1973 duabus
1705 1934 1889 1972 ate-trimis
1922 1931 2115 1976 velutinis,

499 1997 625 2033 sutura
653 1988 958 2047 ssava‘separatis
985 2001 1167 2041 notatum,
1194 1996 1286 2034 setis
1314 1993 1516 2033 ordinariis
1543 1995 1660 2046 nigris
1686 2000 1725 2033 et
1750 2000 1900 2047 praeter
1924 1995 2038 2032 vittas
2067 1992 2115 2031 la-

501 2056 664 2093 tissimas
698 2054 905 2094 denudatas
941 2054 1030 2109 pilis
1065 2055 1195 2108 rigidis
1228 2054 1488 2094 ssavicantibus
1522 2056 1710 2100 vestitum.
1771 2053 1982 2094 Scutellum
2008 2054 2115 2092 tumi-

500 2115 603 2161 dum,
632 2122 770 2162 atrum,
797 2114 975 2161 nitidum,
1009 2117 1103 2154 setis
1136 2123 1297 2168 quatuor
1328 2122 1517 2155 armatum.
1571 2114 1798 2155 llletanotum
1832 2122 1969 2161 atrum,
2003 2113 2115 2153 fascia

500 2176 788 2229 albo-pollinosa
815 2183 996 2216 ornatum.
1052 2174 1207 2215 Pleurae
1235 2175 1588 2230 albido-pollinosae
1615 2183 1653 2215 et
1678 2174 1948 2230 albo-pilosae,
1973 2181 2116 2230 puncto

499 2236 679 2276 humerali
707 2244 743 2275 et
768 2236 901 2276 atriola
929 2238 1105 2289 marginis
1130 2238 1257 2291 superi
1285 2239 1376 2277 atris
1403 2239 1544 2293 opacis.
1612 2236 1811 2276 Abdomen
1837 2242 1969 2283 atrum,
1996 2236 2118 2287 nigro-

501 2298 680 2351 pilnsum,
715 2297 803 2351 pilis
838 2305 958 2337 tamen
992 2300 1174 2351 segmenti
1209 2297 1329 2337 ultimi
1363 2296 1557 2352 plerisque
1596 2297 1711 2346 albis3
1750 2303 1937 2350 segmenta
1972 2295 2117 2347 singula

502 2367 649 2413 pum-tci-
675 2357 843 2398 ultimum
873 2360 908 2397 in
936 2361 1100 2411 margine
1127 2360 1274 2412 postico
1301 2356 1667 2412 albida-pullinosa.
1730 2357 1897 2397 Terebra
1923 2356 2120 2410 depressa,

501 2428 598 2465 atra,
632 2419 753 2458 tribus
787 2418 927 2458 ultimis
961 2419 1173 2458 abdominis
1206 2420 1408 2471 segmentis
1441 2418 1554 2459 simul
1581 2420 1739 2473 sumptis
1765 2417 1945 2471 aequalis.
1997 2415 2117 2456 Pedes

502 2496 547 2520 ex
575 2480 784 2532 ferrugineo
812 2479 911 2527 flavi,
937 2479 1142 2519 femoribus
1172 2480 1446 2533 posterioribus
1482 2486 1633 2535 praeter
1665 2480 1773 2519 imam
1804 2478 1923 2518 basim
1949 2485 1987 2517 et
2014 2491 2117 2532 prae-

503 2549 559 2581 ter
584 2542 726 2596 apicem
752 2555 798 2580 ex
825 2539 930 2579 fusco
957 2542 1085 2593 nigris.
1138 2540 1230 2580 Alae
1258 2540 1487 2589 latiusculae,
1515 2539 1700 2593 byalinae,
1726 2537 2019 2584 submanantes,
2043 2552 2117 2577 ma-

503 2600 585 2641 cula
617 2600 734 2640 basali
764 2604 892 2652 magna
925 2601 1129 2654 fasciisque
1161 2601 1282 2641 tribus
1317 2601 1364 2642 ad
1405 2609 1549 2642 eostam
1584 2600 1796 2652 conjunctis
1828 2600 1967 2653 nigris;
2003 2597 2116 2638 fascia

503 2664 619 2717 prima
660 2662 817 2715 reliquis
857 2661 978 2701 latior·
1000 2677 1020 2700 a
1060 2663 1231 2713 stigmate
1268 2662 1314 2702 ad
1347 2677 1464 2702 venae
1496 2659 1778 2713 longitudinalis
1813 2667 1941 2700 sextae
1973 2660 2117 2713 apicem

503 2723 631 2769 ducta,
667 2723 829 2761 secunda
866 2738 885 2761 a
920 2724 1091 2775 stigmate
1122 2737 1192 2776 per
1217 2737 1330 2762 venas
1363 2730 1599 2763 transversas
1632 2720 1678 2760 ad
1702 2722 1903 2774 marginem
1931 2721 2118 2775 posticum

506 2783 723 2829 decurrens,
754 2784 865 2822 tertia
899 2782 986 2822 inde
1012 2798 1032 2822 a
1060 2785 1232 2836 stigmate
1258 2790 1399 2823 costam
1426 2790 1464 2822 et
1490 2784 1634 2837 apicem
1660 2781 1738 2821 alae
1764 2783 1937 2835 cingens,
1971 2781 2039 2820 sed
2067 2783 2116 2820 ita

504 2851 544 2882 nt
569 2845 667 2883 inter
693 2845 816 2898 ipsum
843 2843 922 2882 alae
947 2846 1151 2897 marginem
1178 2851 1215 2884 et
1241 2844 1392 2884 fasciam
1419 2845 1581 2897 spatium
1608 2849 1802 2895 angustum
1836 2840 2044 2895 hyalinum.
2080 2842 2117 2881 in

504 2904 635 2943 cellula
660 2904 924 2958 submarginali
951 2904 1123 2944 nonnihil
1157 2904 1352 2945 dilatatum
1385 2912 1422 2944 et
1448 2910 1592 2959 puncto
1617 2905 1722 2957 nigro
1748 2909 1936 2950 notatum,
1970 2903 2118 2954 interje-

505 2972 602 3004 ctum
623 2966 684 3004 sit.
727 2964 853 3005 Venae
871 2972 1108 3006 transversae
1133 2968 1424 3021 approximans,
1452 2963 1720 3018 subobliquae;
1747 2978 1841 3004 vena
1867 2962 2117 3016 longitudina-

505 3025 552 3065 lis
579 3026 683 3066 tertia
709 3026 843 3067 sctulis
870 3028 1129 3069 minutissimis
1157 3033 1305 3067 armata.
1336 3047 1381 3056 -
1407 3025 1606 3077 (Brasilia3
1634 3023 1796 3066 Collect.
1825 3024 1994 3075 Wintb.)

2311 1874 2315 1882 ..
2307 1755 2319 1863 v·--·--»⁴..
2314 1735 2316 1738 .

2531 1810 2552 2775 m—mmmnne-qfln—zmssffi
