2528 3616
0 367 78 412 coi-

22 574 79 611 ci·

0 642 80 686 fris,

0 705 80 745 oal-

0 777 79 824 vis,

0 904 83 960 pol-

0 985 84 1021 =res,

0 1038 86 1088 icis,

0 1105 86 1145 »scis

0 1172 86 1213 dio-

0 1252 86 1280 nar-

0 1319 86 1348 eres

0 1384 86 1413 iseo

0 1452 86 1480 men

19 1519 85 1547 va-

0 1572 88 1627 gnis

0 1639 88 1679 sub'·

0 1710 88 1746 mlo.

0 1772 89 1813 edes

11 1839 90 1880 rsis

14 1906 88 1948 dis.

16 1974 91 2015 alis

9 2184 90 2219 anis

10 2246 91 2287 'bus

251 3462 254 3464 Α
247 2901 252 2907 ‚
243 2839 251 2848 ι

257 3451 259 3454 “
251 3050 277 3404 ’ἱ-’ωει-ι-ὲηνυςὶρ-νακ-ν·
271 3021 273 3025 -
259 2954 274 3003 δὴ
253 2886 263 2916 ”“’

900 239 1118 282 Ama-icae
1144 237 1487 293 septentrionalis.
1953 236 2009 282 69

398 347 594 393 Thoracis
624 349 789 392 dorsum
819 349 1080 392 subobsolete
1108 351 1225 406 nigro
1256 350 1530 399 trilineatum,
1560 350 1652 406 pilis
1681 348 1859 406 setisque
1889 350 2011 405 nigris

396 417 614 459 rarioribus
645 417 931 459 convestitam.
977 417 1206 459 Scutellum
1236 432 1285 459 ex
1316 418 1433 473 nigro
1464 418 1683 468 cinereum,
1712 416 1808 459 setis
1837 420 2014 470 quatuor

397 483 638 539 praeditum.
695 482 866 526 Pleurae
895 485 1094 530 cinereae.
1125 484 1321 527 fasciculo
1352 484 1527 540 pilorum
1557 489 1651 526 ante
1681 484 1854 526 lialteres
1883 484 2011 539 nigro.

398 550 617 593 Abdomen
658 551 817 605 nigrum
855 565 1051 602 opacum,
1090 551 1337 605 marginibus
1375 557 1676 606 segmentorum
1714 551 1880 606 posticis
1909 552 2008 592 cine-

398 617 665 668 nascentibus,
695 617 787 672 pilis
819 618 915 659 raris
945 617 1148 674 plerisque
1179 619 1314 674 nigris.
1360 616 1512 659 Venter
1532 617 1683 673 polline
1703 617 1796 659 albo
1815 619 2011 660 cinereus.

395 684 691 740 Hypopygium
718 698 903 739 parvum,
932 685 1110 740 ringens,
1143 685 1312 727 lamellis
1332 685 1469 741 nigris,
1497 683 1605 740 pube
1624 686 1878 740 superiorum
1901 685 2012 726 brevi

399 751 614 807 longisque
644 751 878 793 inferiorum
911 752 1003 807 pilis
1033 753 1175 808 nigris,
1212 751 1422 794 filamento
1457 751 1624 792 centrali
1660 766 1712 793 ex
1742 752 1857 807 nigro
1888 752 2015 802 fusco,

399 817 674 859 anfractuoso.
733 817 875 859 Coxae
910 818 1069 860 aulicae
1105 833 1155 860 ex
1196 819 1551 870 ssavotestaceae,
1589 819 1832 872 posteriores
1863 819 2014 874 nigrae..

401 884 446 925 in
472 898 632 926 summo
663 889 821 925 tantum
853 886 966 941 apice
997 890 1206 929 testaceae.
1267 886 1437 928 Femora
1468 899 1519 926 ex
1550 883 1729 927 testaceo
1759 886 1877 935 flava,
1907 890 2016 927 anite-

402 951 510 992 riora
550 951 708 1007 apicem
747 965 888 993 versus
926 952 1144 1005 infuscata,
1180 953 1337 1009 postica
1375 954 1415 994 in
1447 952 1616 993 dimidio
1646 952 1791 1008 apicali
1820 967 1870 994 ex
1903 954 2016 993 fusco

402 1018 534 1073 nigra3
572 1018 699 1060 tibiae
735 1020 893 1075 nigrae,
933 1034 1074 1061 omnes
1112 1020 1153 1061 iu
1191 1019 1273 1061 basi
1313 1024 1353 1061 et
1392 1021 1551 1060 aulicae
1587 1033 1705 1075 supra
1736 1020 1883 1069 ssavae3
1922 1020 2018 1060 tarsi

404 1085 522 1140 nigri.
580 1083 766 1127 Halteres
804 1086 896 1127 albi.
954 1087 1057 1129 Alae
1092 1086 1302 1141 liyalinae,
1347 1100 1473 1128 venae
1511 1085 1822 1141 ‘longitudinalis
1868 1088 2018 1142 primae

403 1152 518 1206 apice
545 1151 846 1194 subincrassato
876 1154 1007 1207 nigro,
1037 1153 1225 1207 stigmate
1252 1153 1495 1194 dilutissime
1522 1153 1724 1194 subfusco.

516 1217 769 1260 Foemina:
804 1219 1167 1270 Albido-cinerea,
1204 1231 1344 1275 opaca.
1403 1219 1537 1274 Caput
1566 1219 1779 1262 concolor.
1815 1218 1951 1260 fronte
1978 1223 2020 1260 et

405 1285 507 1326 facie
537 1285 697 1326 modice
726 1285 829 1327 latis.
851 1314 854 1316 >
880 1285 1029 1328 Lineae
1052 1287 1236 1328 thoracis
1266 1286 1522 1328 obscuriores
1543 1286 1875 1328 obsoletissimae.
1919 1285 2019 1326 Scu-

406 1353 546 1393 tellum
587 1357 629 1394 et
665 1353 831 1408 pleurae
866 1354 1023 1395 thoraci
1062 1353 1311 1395 concolores.
1370 1352 1582 1394 Abdomen
1620 1352 1815 1402 albicans,
1855 1354 2019 1408 posticis

406 1423 708 1474 segmentorum
739 1420 985 1475 marginibus
1016 1420 1130 1471 albis,
1159 1421 1251 1475 pilis
1276 1420 1401 1475 nigris
1422 1418 1673 1460 brevioribus
1694 1433 1814 1475 quam
1836 1421 1876 1461 in
1899 1433 2019 1461 mare.

407 1485 548 1528 Coxae
574 1486 842 1529 intermediae
869 1492 1031 1543 praeter
1060 1486 1185 1529 basim
1217 1491 1257 1529 et
1287 1488 1468 1543 posticae
1497 1488 1537 1527 in
1569 1487 1681 1542 apice
1700 1486 1823 1529 latius
1844 1501 1893 1529 ex
1916 1488 2021 1528 ssavo

409 1558 620 1595 testaceae.
691 1552 819 1595 Color
865 1556 1013 1609 pedum
1052 1556 1178 1595 ssavus
1218 1555 1343 1609 magis
1382 1559 1626 1610 propagatus
1663 1567 1783 1609 quam
1820 1555 1862 1595 in
1900 1568 2022 1603 mare,

410 1619 607 1662 obscurus
636 1620 819 1672 dilutior,
848 1621 904 1661 ila
935 1626 980 1661 ut.
1010 1622 1119 1675 quod
1150 1622 1189 1662 in
1221 1621 1292 1662 illo
1322 1621 1478 1662 fuscum
1510 1626 1585 1671 est,
1614 1621 1654 1661 in
1687 1621 1763 1662 hae
1789 1620 2023 1662 subfuscum

411 1688 488 1738 sit,
516 1688 625 1742 quod
655 1688 839 1742 nigrum,
868 1687 1045 1729 obscure·
1071 1687 1237 1729 fuscum.
1298 1688 1402 1730 Alae
1429 1687 1748 1738 subalbicantes,
1786 1701 1910 1728 venae
1940 1688 2022 1728 lon-

412 1753 648 1808 gitudinalis
678 1755 832 1809 primae
859 1754 940 1797 fine
969 1755 1101 1797 minus
1129 1754 1266 1796 valido
1295 1760 1336 1795 et
1364 1756 1553 1809 stigmate
1582 1756 1703 1796 etiam
1724 1754 1950 1810 pallidiore.
1970 1778 2023 1786 -—-

413 1819 607 1872 (minois,
637 1819 693 1862 Le
723 1821 890 1873 Baron.)

445 2010 447 2012 Ι
524 1955 589 1996 27.
628 1957 1024 2012 Rhamphomyia
1060 1965 1259 2012 aperta,
1296 1971 1391 1998 nov.
1424 1971 1484 2012 sp.
1515 1954 1559 2001 Ω.
1636 1957 1812 1998 Obscum
1850 1963 2024 2009 cinerea,

412 2020 516 2074 pube
544 2023 726 2063 thoracis
749 2029 999 2079 nigricante,
1029 2024 1254 2065 abdominis
1271 2024 1445 2078 pallida,
1470 2024 1637 2078 pedibus
1656 2038 1707 2063 ex
1724 2030 1849 2080 nigro
1864 2023 2025 2080 jis-scis,

413 2089 635 2129 honeribus
670 2091 834 2131 sordide
875 2091 1043 2143 athidis,
1086 2093 1163 2133 alis
1207 2093 1397 2133 dilatatis
1421 2091 1587 2147 sust-is,
1630 2092 1775 2132 celtum
1811 2093 2026 2133 discoidali

414 2155 572 2210 aperta.
605 2179 655 2186 —
690 2156 815 2213 Long.
847 2171 956 2213 corp.
991 2160 1070 2212 13-'3
1099 2159 1191 2210 lin.,
1222 2158 1346 2215 Long.
1378 2159 1429 2199 al.
1465 2159 1515 2211 if}
1545 2158 1615 2199 lin.

526 2221 710 2265 Obscure
744 2226 925 2275 cinerea,
968 2238 1108 2280 opaca.
1161 2225 1300 2267 Frons
1337 2225 1547 2267 latissima.
1615 2225 1829 2267 Antennae
1871 2225 2026 2277 breves,

414 2287 535 2340 latae,
564 2289 745 2331 articulis
775 2291 932 2333 duobus
959 2293 1100 2347 primis
1130 2292 1298 2334 obscure
1326 2293 1468 2342 fuscis,
1498 2293 1621 2333 tertio
1651 2293 1781 2347 nigro.
1809 2292 1920 2346 stylo
1953 2297 2027 2333 ter-

415 2356 555 2397 minali
593 2356 842 2399 brevissimo.
902 2358 1115 2400 Proboscis
1152 2361 1283 2414 capite
1319 2360 1442 2414 paulo
1479 2359 1651 2415 longior.
1708 2358 1903 2400 Thoracis
1938 2359 2028 2400 dor-

415 2436 504 2463 sum
534 2423 626 2479 pilis
655 2423 945 2479 nigricantibus
977 2425 1143 2466 hirtum.
1194 2424 1270 2466 Pili
1300 2431 1395 2467 ante
1417 2425 1590 2468 halteres
1609 2424 1762 2481 pallidi.
1814 2425 2026 2466 Abdomen

415 2503 468 2530 ex
495 2490 613 2546 nigro
644 2492 867 2540 cinereum,
906 2492 1000 2547 pilis
1037 2492 1225 2534 brevibus
1254 2493 1427 2549 pallidis.
1487 2492 1614 2534 Pedes
1643 2506 1693 2533 ex
1724 2493 1838 2547 nigro
1866 2492 2029 2533 sordide

415 2556 534 2606 fusci,
563 2558 745 2599 breviter
771 2558 1051 2614 pubescentes.
1108 2558 1293 2601 Halteres
1322 2560 1488 2601 sordide
1518 2559 1651 2600 albidi.
1706 2557 1808 2600 Alae
1835 2559 2029 2600 dilatatae

418 2622 574 2674 fuscae,
616 2626 808 2679 stigmate
849 2626 971 2681 paulo
1017 2625 1269 2677 obscuriore,
1313 2626 1459 2668 cellula
1503 2625 1714 2668 discoidali
1752 2639 1844 2666 cum
1883 2624 2026 2666 cellula

416 2693 642 2746 posteriore
671 2693 847 2735 secunda
877 2694 917 2734 in
949 2708 1071 2735 unam
1100 2694 1330 2749 conjuncta.
1361 2717 1415 2724 —
1444 2693 1637 2746 (lllinois3
1670 2691 1725 2734 Le
1756 2692 1922 2744 Baron.)

526 2827 592 2870 28.
622 2830 1025 2885 Rhamplaomyia
1041 2829 1330 2885 frontalis,
1358 2843 1453 2871 nov.
1474 2843 1533 2885 sp.
1566 2826 1620 2876 cf.
1672 2829 1739 2869 Ex
1766 2831 1889 2882 nigro
1919 2832 2027 2868 cine-

415 2909 508 2945 rea,
543 2910 694 2950 opaca,
730 2898 860 2941 ocutis
896 2897 1162 2948 distantibus,
1194 2896 1346 2953 fronte
1383 2898 1579 2937 adversus
1614 2900 1800 2936 verticem
1836 2895 2027 2944 delatam,

417 2968 607 3004 antennis
635 2969 786 3020 nigris,
803 2965 929 3021 facie
956 2964 1271 3019 angustissima,
1298 2965 1537 3018 proboscide
1556 2977 1676 3019 quam
1696 2968 1817 3016 capul
1837 2961 2028 3012 breviore,

417 3030 650 3087 hypopygio
676 3038 813 3088 nigro,
846 3032 963 3087 infra
988 3033 1089 3087 pilis
1118 3033 1255 3087 long-is
1269 3032 1573 3087 flavit-antibus
1602 3032 1758 3081 ca'la‘ato,
1784 3030 1949 3084 pedibus
1979 3044 2029 3069 ex
