2552 3664
554 262 610 305 86
1139 265 1194 307 11.
1225 266 1368 307 Loew:
1403 265 1580 322 Diptera

555 379 688 430 m'gri3
723 380 881 429 primus
916 382 1124 416 larvarum
1162 382 1393 418 anticorum
1430 380 1631 420 articulus
1667 384 1766 420 sem
1800 384 1938 436 nigris
1968 386 2165 432 ormnem,

556 443 723 483 articuli
752 443 832 482 duo
859 449 1067 498 sequentes
1094 458 1178 484 non
1207 445 1440 485 abbr-eman.

667 524 697 569 Ω
727 531 874 580 nigrae
911 526 1139 568 abdorm‘nis
1165 527 1336 581 ¹fasciae
1372 536 1596 583 angustae,
1633 530 1926 579 subobsoletae3
1971 532 2166 571 holemim

556 594 778 647 capitulum
798 593 976 648 flavum.

668 675 792 731 Long.
825 690 921 732 corp
964 678 1114 731 2—23
1146 677 1230 728 linss,
1260 678 1375 731 Long
1420 678 1454 718 al
1500 678 1743 735 25⁸5—2T75
1774 680 1842 721 liu.

673 773 835 823 Viridis,
857 775 1022 825 nitidus,
1044 776 1149 816 baud
1174 790 1264 817 raro
1285 791 1337 817 ex
1359 776 1557 830 chalyben
1579 777 1730 827 viridis,
1752 777 2005 832 proboscide,
2026 778 2167 834 palpis,

556 844 741 884 antennis
772 842 1020 898 pedibusque
1051 844 1188 896 nigris.
1248 844 1385 886 Facies
1417 844 1546 891 nuda,
1587 845 1764 885 tenuiter
1800 844 2166 900 albido-pollinosa.

559 911 719 950 Fasciae
739 915 1040 964 seginentorum
1062 910 1377 952 abdominalium
1394 911 1644 965 singulorum
1667 910 1820 951 basales
1841 912 1977 965 nigrae
1999 912 2036 951 in
2059 924 2169 952 mare

558 978 662 1017 latae
693 981 732 1017 et
770 976 978 1029 aequales,
1017 977 1056 1016 in
1095 977 1270 1018 foemina
1301 981 1492 1031 angustae
1522 981 1561 1017 et
1599 976 1817 1018 obsoletae.
1877 976 2167 1033 llypopygium

558 1045 731 1099 nigrum,
762 1041 1051 1097 appendicibus
1081 1044 1247 1084 minutis
1278 1043 1573 1085 concoloribus.
1631 1043 1798 1085 Femora
1829 1045 1931 1085 infra
1963 1044 2053 1099 pilis
2083 1058 2168 1099 per-

557 1110 701 1163 longis,
733 1109 932 1164 plerisque
954 1109 1111 1161 albidis,
1142 1112 1245 1166 apici
1271 1111 1469 1167 proximis
1500 1111 1621 1164 nigris
1648 1112 1843 1159 vestitam
1863 1111 1991 1152 tibiae
2011 1112 2170 1152 anticae

558 1178 712 1233 postice
741 1176 835 1216 setis
865 1181 1043 1229 quatuor
1074 1177 1135 1217 vcl
1167 1179 1367 1232 quinque,
1405 1178 1443 1217 in
1475 1177 1651 1218 foemina
1683 1178 1936 1219 brevioribus
1973 1182 2170 1227 armatae,

558 1244 680 1285 tibiae
710 1243 973 1283 intermediae
1004 1244 1143 1295 maris,
1181 1259 1356 1300 superne
1386 1244 1477 1299 pilis
1508 1245 1719 1285 ordinariis
1750 1245 1888 1299 paullo
1918 1244 2169 1301 longioribus

558 1310 739 1351 obsolete
767 1309 1026 1360 subciliatae,
1062 1315 1168 1351 setas
1207 1323 1354 1365 paucas
1392 1316 1432 1351 et
1471 1312 1630 1353 modice
1671 1312 1811 1366 longas
1840 1316 1999 1366 gerunt.
2056 1311 2168 1353 Tarsi

560 1376 770 1430 utriusque
798 1390 917 1417 sexus
945 1378 1168 1433 simplices,
1200 1378 1353 1433 primus
1384 1380 1611 1419 anticorum
1640 1378 1835 1420 articulus
1865 1378 1905 1419 in
1937 1391 2047 1419 mare
2075 1378 2170 1419 setis

557 1460 630 1486 sex
662 1443 726 1484 vel
756 1447 911 1498 septem
932 1444 1029 1484 satis
1059 1444 1202 1500 longis,
1234 1444 1275 1485 in
1305 1444 1483 1485 foemina
1502 1445 1643 1486 setulis
1673 1444 1846 1486 totidem
1869 1445 1985 1487 valde
2005 1444 2170 1486 minutis

557 1516 756 1559 armatum
796 1511 946 1565 primus
976 1515 1177 1551 tarsorum
1209 1511 1543 1553 intermediorum
1581 1512 1774 1553 articulus
1811 1512 1853 1552 in
1891 1526 1999 1553 mare
2037 1512 2170 1552 antice

558 1584 595 1619 et
626 1591 800 1632 superne
829 1577 919 1632 pilis
940 1578 1220 1618 minutissimis
1241 1577 1538 1619 obsoletissime
1557 1578 1804 1619 subciliatus.
1849 1578 2033 1619 Halteres
2054 1579 2172 1619 maris

558 1659 608 1686 cx
642 1645 753 1685 fusco
775 1644 893 1698 nigri,
923 1644 1124 1685 foeminae
1146 1645 1253 1692 ssavi,
1283 1644 1517 1699 pedunculo
1549 1650 1681 1686 tamen
1704 1644 1949 1685 obscuriore.
1994 1643 2172 1698 Tegulae

559 1710 954 1765 nigro-marginatae
985 1716 1023 1752 et
1055 1709 1362 1766 nigro-ciliatae.
1409 1711 1508 1753 Alae
1539 1712 1741 1766 hyalinae,
1772 1711 1904 1752 fasciis
1934 1710 2087 1752 duabus
2114 1711 2172 1751 ni-

528 1777 826 1833 .gricantibus‚
869 1779 1002 1818 antice
1037 1779 1264 1819 coniunctis
1301 1783 1343 1819 et
1379 1779 1536 1832 postica
1576 1778 1838 1827 abbreviatis,
1876 1778 2030 1833 pictae,
2067 1791 2170 1818 vena

558 1851 782 1885 transversa
814 1845 1016 1899 posterior
1045 1844 1203 1886 modice
1235 1844 1410 1899 obliqua.
1444 1869 1493 1876 --
1525 1845 1739 1898 (Mexico.)

2533 1842 2552 1882 b

669 1968 735 2008 ¹70.
767 1967 1018 2021 Psilopus
1046 1968 1352 2008 dimidiatus
1383 1982 1475 2007 nov.
1497 1982 1556 2021 sp.
1589 1964 1642 2012 0⁷*-
1701 1966 2007 2018 Nitedsssimus,
2039 1971 2173 2021 rapite
2533 1988 2552 2014 3

557 2037 797 2089 {horaceque
825 2035 1040 2083 vtolaceo's,
1069 2034 1277 2074 abdomine
1309 2036 1450 2081 viv-idn
1481 2035 1603 2089 pedes
1632 2035 1856 2087 simplices,
1885 2035 2077 2089 graciles,
2095 2033 2172 2087 se·
2534 2055 2552 2080 v

559 2101 733 2141 moribus
773 2102 932 2155 nigris,
969 2101 1078 2141 tibiis
1100 2102 1257 2155 flavis,
1294 2107 1422 2142 tarsis
1446 2103 1609 2156 susci&
1649 2103 1739 2141 alae
1776 2115 1827 2140 ea·
1844 2101 1977 2156 fusco
2012 2102 2172 2155 nigrae,
2532 2121 2549 2145 ,ι

558 2174 707 2209 lre'ente
737 2170 961 2222 naarginali
992 2175 1028 2208 el
1060 2174 1247 2223 margine
1273 2174 1435 2222 postico
1463 2169 1650 2222 hyalinis.
1671 2191 1723 2198 -
1754 2166 1882 2223 Long.
1905 2180 2017 2223 corp.
2041 2168 2064 2206 2
2088 2167 2173 2218 lin„
2534 2176 2552 2215 d

557 2235 685 2290 Long.
718 2234 768 2275 al.
800 2237 853 2287 2}
885 2234 952 2274 lin.
2535 2257 2552 2296 g

669 2312 802 2367 Caput
834 2311 1082 2362 violaceum,
1112 2312 1245 2352 fronte
1277 2318 1437 2368 praeter
1464 2318 1571 2354 setas
1601 2312 1822 2353 ordinarias
1853 2316 1893 2353 et
1922 2311 2025 2353 facie
2063 2312 2173 2352 albo·
2535 2323 2547 2348 ι

558 2380 758 2435 pollinosa
781 2378 920 2429 nudis,
948 2383 1148 2419 antennae
1169 2393 1330 2433 parvae,
1361 2381 1512 2435 nigrae,
1542 2379 1712 2420 articulo
1735 2379 1914 2419 secundo
1937 2378 2174 2419 brevissime

559 2445 847 2501 nigro-piloso,·
883 2450 968 2486 seta
1006 2455 1273 2486 antennarum
1314 2447 1506 2497 dorsalis,
1546 2446 1774 2487 mediocris.
1832 2445 1958 2486 Color
1997 2445 2173 2485 thoracis

558 2513 776 2560 violaceus,
809 2513 1000 2552 adversus
1030 2514 1249 2566 marginem
1273 2514 1478 2566 posticum
1509 2515 1548 2553 in
1582 2513 1827 2566 chalybeum
1848 2526 2031 2566 vergens.
2075 2511 2174 2552 Scu-

558 2580 700 2621 tellum
732 2578 985 2633 chalybeum.
1048 2577 1214 2619 Pleurac
1245 2593 1294 2619 ex
1328 2580 1446 2619 viridi
1478 2582 1635 2634 nigrae,
1667 2578 2033 2633 albo-pollinosae.
2093 2578 2173 2619 Ab·
2535 2568 2552 2592 ⁶

560 2648 705 2687 domen
737 2646 887 2695 viride,
921 2645 1226 2693 nitidissimum,
1257 2648 1353 2686 selis
1383 2647 1422 2686 in
1456 2647 1635 2700 margine
1663 2651 1966 2699 segmentorum
1998 2646 2174 2700 singulo·

559 2729 644 2754 rum
684 2714 844 2768 postico
877 2711 1157 2752 mediocribus.
1218 2712 1513 2768 Hypopygium
1552 2727 1732 2768 parvum.
1792 2711 1932 2753 Coxae
1969 2727 2021 2753 ex
2060 2713 2173 2753 fusco
2338 2725 2350 2770 ᾗ
2535 2703 2552 2725 ⁷

559 2782 710 2835 nigrae.
744 2779 1092 2833 albo-poliinosae,
1124 2780 1281 2819 antica«=
1312 2780 1403 2834 pilis
1434 2785 1474 2820 et
1504 2781 1599 2820 setis
1630 2779 1775 2820 albidis
1797 2781 1988 2828 vestitae;
2020 2780 2173 2819 femora
2327 2736 2351 2876 ἓ
2536 2770 2552 2792 ⁶

557 2846 736 2902 gracilia,
766 2847 975 2896 subnuda,
1008 2859 1059 2885 ex
1089 2845 1203 2885 fusco
1236 2847 1368 2900 nigra,
1399 2861 1558 2887 summo
1591 2853 1721 2887 tamen
1753 2847 1867 2900 apice
1897 2847 2022 2896 ssavo,
2054 2846 2175 2886 tibiae
2325 2876 2332 2913 ἶ

558 2919 712 2963 tenues,
743 2914 888 2962 flavae,
918 2913 1152 2954 brevissime
1184 2913 1491 2966 nigro-pilosae,
1521 2913 1613 2968 pilis
1645 2913 1975 2953 intermediarum
2005 2913 2175 2952 erectio·
2536 2904 2552 2994 Ξ

558 2982 688 3031 ribus,
720 2981 811 3020 tarsi
847 2986 999 3029 tenues,
1030 2980 1246 3034 simpliceS,
1277 2981 1392 3021 susci.
1423 2981 1642 3021 anteriores
1672 2980 1780 3020 tibiis
1800 2980 1930 3019 multo
1962 2980 2175 3033 longiores·
2323 2985 2326 3033 ἱ

560 3046 662 3088 Citia
693 3048 921 3102 tegularum
951 3048 1077 3101 nigra.
1150 3046 1251 3086 Alae
1281 3061 1331 3087 ex
1364 3047 1476 3087 fusco
1509 3047 1663 3101 nigrae,
1695 3047 1845 3087 triente
1874 3048 2042 3102 apicali,
2072 3061 2174 3087 mar—
