2608 3568
38 329 174 358 emora

40 383 172 425 crassi.

25 448 62 489 ia
81 450 173 490 sub·

41 516 174 556 medio

26 599 31 616 ι
44 594 94 637 pe
122 582 172 622 ael

14 800 17 804 ¹
53 793 86 829 a,
108 780 174 821 ab·

11 876 13 878 v
45 850 174 886 iorum

14 912 172 953 diorum

20 1043 171 1086 Anten-

25 1122 88 1151 am
118 1110 172 1152 la·

20 1190 58 1216 m
86 1190 172 1219 ver-

19 1243 172 1283 stitum.

16 1325 42 1356 ·,
61 1309 173 1363 pleu-

5 1376 170 1416 ¹stitum.

38 1445 171 1482 totum

10 1541 14 1546 ,
64 1506 171 1549 Ven-

25 1572 171 1622 ilosuli,

2 1638 171 1679 biarum

2 1717 21 1745 s
47 1706 171 1746 inter-

0 1770 171 1825 maline,

0 1915 47 1942 um
76 1915 170 1945 ean·

0 1997 7 2019 ,
43 1969 171 2011 oculis

0 2048 18 2076 o
47 2034 170 2077 abdo-

0 2100 87 2153 ·ut'o‚
116 2102 170 2143 l'e-

0 2167 170 2209 ticarum

0 2233 170 2275 rmedio·

5 2446 170 2487 cupreo·

0 2513 54 2540 mo
78 2514 170 2556 seg·-

0 2569 28 2615 Β,
56 2567 169 2607 alho-

0 2633 52 2672 ris
67 2633 171 2689 sere

0 2703 83 2739 reia.
113 2720 169 2731 —-

0 2861 7 2870 .
42 2830 169 2873 Primi

0 2898 168 2947 tundus,

36 2964 168 3006 Barba

963 198 1180 238 Amen-leno
1210 198 1558 251 copem-eranum.
1983 193 2069 239 m

451 306 604 357 albida,
636 305 761 363 paulo
789 305 952 361 longior
980 319 1104 360 qnam
1132 306 1176 347 in
1203 304 1378 360 Xylotia
1405 305 1624 362 plerisque.
1681 304 1879 347 Thoracis
1904 306 2070 349 dorsum

451 373 627 415 obscuro
654 385 1019 427 cupreo-aeneum,
1051 371 1211 414 modice
1241 371 1398 421 nitens,
1425 369 1783 427 albldoepilosumr,
1812 369 1977 426 plenrae
2004 382 2068 412 ae-

453 439 702 494 neo-nigrae,
741 437 908 487 nitidae,
946 437 1223 494 albo-pilosae.
1281 436 1514 479 Scutellum
1542 437 1665 479 viridi
1685 450 1870 486 aeneum,
1897 436 2069 493 albo-pi-

453 505 600 547 losum.
647 501 863 546 Abdomen
886 504 1167 554 latiusculum,
1196 503 1548 559 cyaneo-nigrum,
1575 504 1840 561 subopacum,
1868 503 1963 560 pilis
1981 503 2069 545 bre·

451 571 630 612 vissimis
665 570 794 624 nigris
831 570 1080 620 vestituum,
1116 574 1328 625 segmento
1365 570 1500 625 primo
1540 575 1630 612 toto
1666 569 1887 624 chalyben,
1921 569 2069 620 nitido,

451 636 733 693 albo-piloso,
762 641 1017 690 segmentum
1046 635 1271 678 secundum
1301 635 1468 678 fasciam
1499 636 1760 692 chalybeum,
1790 635 1985 686 nitidam,
2013 634 2067 678 h-

452 703 674 752 tissimam,
718 701 1017 757 subintcgram‚
1063 702 1156 757 pilis
1200 701 1302 743 albis
1339 703 1530 744 vestitam
1571 703 1715 753 habet,
1759 707 1970 759 segmenta
2006 715 2066 745 ae·

453 769 620 823 quentia
650 769 733 809 duo
762 767 920 823 singula
950 782 1078 824 prope
1108 769 1332 824 marginem
1361 769 1543 811 anticum
1573 768 1736 811 fasciam
1767 768 1966 817 similem,
1995 768 2066 811 aed

453 837 725 890 interruptam
763 837 805 875 et
840 834 975 875 minus
1007 834 1129 876 latam
1157 839 1317 890 gerunt.
1372 833 1504 876 Pedes
1534 834 1654 891 nigri,
1683 834 1987 889 albido-piloai,
2013 833 2068 877 fo-

454 915 569 944 mora
600 901 641 942 in
671 901 788 956 apice
817 900 1148 957 nigro-pilosula,
1183 902 1341 958 postica
1372 914 1453 949 non
1482 902 1725 951 incrassatn
1759 900 1884 943 tibiae
1909 900 2068 943 anticae

454 984 507 1010 ez
536 969 652 1009 fusco
682 971 898 1016 testaceae,
928 970 1116 1009 tomento
1145 967 1283 1009 lateris
1313 967 1440 1008 antici
1468 966 1681 1017 subfulva,
1708 967 1903 1009 tibiarum
1932 970 2068 1024 p'nate·

455 1036 608 1077 riorum
639 1033 745 1074 basis
775 1037 816 1073 et
844 1033 965 1087 primi
997 1034 1079 1074 duo
1110 1038 1311 1075 tarsorum
1341 1033 1571 1075 anticorum
1603 1033 1766 1076 articuli
1796 1047 1848 1075 ex
1875 1033 1993 1075 fusco
2011 1036 2069 1075 te·

455 1101 603 1152 stacei,
640 1099 740 1141 tarsi
777 1112 917 1140 omnes
947 1099 1050 1140 iufra
1080 1099 1462 1141 fulvo-tomentosi.
1520 1099 1624 1141 Alae
1652 1099 1858 1147 cinereae,
1895 1098 2068 1142 dimidio

455 1167 583 1209 basali
612 1165 801 1221 hyalino,
829 1164 1020 1220 stigmate
1050 1165 1316 1220 nigro-fusco,
1346 1166 1461 1208 venis
1494 1166 1631 1221 nigris.
1664 1189 1715 1197 —
1744 1164 1916 1220 (Sitka.)

573 1300 639 1340 41.
670 1297 1200 1353 Xylolnsroudulosn
1228 1312 1324 1338 nov,
1346 1312 1407 1354 sp.
1428 1296 1472 1344 0⁷⁴
1492 1303 1534 1340 et
1555 1296 1599 1342 Ω.
1643 1299 1967 1354 Nigro-viridia,
1996 1298 2066 1340 ob-

456 1368 616 1408 domine
630 1365 1158 1421 flavo-quadrimnculnlo,
1186 1369 1304 1405 coxis
1328 1369 1503 1418 poeticis
1531 1370 1660 1405 maria
1686 1380 1760 1406 nec
1788 1366 1968 1407 dentum
1995 1372 2069 1406 nec

455 1433 733 1474 tuber-culon&
764 1452 814 1460 —-
846 1429 974 1485 Long.
994 1443 1104 1484 corp.
1133 1429 1290 1483 331iu„
1319 1429 1449 1486 Long.
1470 1431 1522 1472 al.
1552 1430 1580 1472 3
1599 1431 1670 1472 lin.

568 1497 702 1553 Caput
738 1497 919 1549 nigrum,
958 1495 1092 1537 fronte
1129 1496 1332 1538 foeminae
1360 1498 1663 1548 aeneo-viridi3
1692 1502 1893 1539 antennae
1919 1498 2069 1549 fuscae,

455 1563 637 1606 articulis
675 1563 818 1619 primis
848 1561 1007 1603 duobus
1036 1576 1087 1603 cx
1117 1561 1231 1604 fusco
1261 1563 1402 1618 nigris,
1433 1563 1517 1604 basi
1549 1569 1659 1605 setae
1686 1565 1921 1620 nigricantis
1941 1565 2069 1615 lule&

455 1632 568 1673 t'rons
597 1630 755 1671 modice
785 1628 1018 1683 prominens
1053 1634 1095 1669 et
1122 1628 1248 1670 facies
1277 1629 1440 1670 modice
1469 1635 1675 1671 excavata.
1731 1629 1900 1672 Thorax
1925 1644 2069 1672 aeneo-

456 1698 615 1749 viridis,
643 1697 793 1746 nitens,
821 1695 939 1736 vittis
968 1699 1146 1748 quatuor
1174 1695 1404 1736 dorsalibus
1433 1709 1486 1735 ex
1521 1710 1675 1751 cupreo
1694 1698 1925 1742 scoriaceis.
1968 1697 2069 1739 Scu-

455 1763 599 1806 tellum
637 1776 730 1804 cum
765 1760 931 1802 thorace
961 1761 1167 1801 concolor.
1224 1761 1407 1802 Primum
1438 1760 1663 1804 abdominis
1692 1768 1948 1819 segmentum
1986 1765 2069 1805 uiti-

456 1830 576 1878 dum,
617 1828 883 1876 subaenenm3
926 1828 1137 1880 sequentia
1178 1828 1258 1869 duo
1293 1832 1402 1878 atra,
1445 1833 1608 1883 praeter
1645 1829 1846 1885 margines
1880 1830 2069 1872 laterales

456 1908 605 1951 opaca,
641 1898 857 1948 utrumque
890 1892 1061 1934 maculis
1092 1892 1195 1934 binis
1223 1894 1340 1935 ssavis
1369 1894 1578 1947 quadratis
1607 1899 1818 1947 ornatum,
1853 1908 1958 1949 quae
1987 1910 2068 1938 ma-

455 1961 572 2003 culae
600 1962 643 2002 in
674 1973 785 2002 unare
812 1973 903 2001 cum
935 1959 1183 2015 marginibus
1211 1959 1447 2001 lateralibus
1476 1960 1711 2010 cohaerere,
1742 1961 1783 2002 in
1814 1962 1996 2004 foemina
2020 1964 2068 2005 ab

457 2027 522 2069 bis
550 2031 759 2083 separatae
779 2040 864 2068 esse
883 2024 1040 2076 solent,
1067 2031 1324 2081 segmentum
1345 2032 1538 2080 quartum
1558 2027 1850 2078 aeneo-viride,
1877 2028 2071 2081 nitidum,

456 2095 500 2135 in
529 2093 711 2135 foemina
738 2092 945 2134 interdum
973 2106 1028 2134 ex
1057 2092 1177 2132 viridi
1204 2093 1477 2142 scoriaeeum,
1505 2096 1761 2148 segmentum
1779 2093 1969 2147 quintum
1988 2095 2071 2138 foo-

456 2160 592 2202 minue
626 2164 669 2202 et
704 2158 988 2214 hypnpygium
1023 2158 1145 2199 maris
1177 2171 1271 2199 cum
1299 2164 1510 2215 segmento
1540 2160 1809 2214 praecedente
1838 2160 2068 2203 concolora.

457 2225 613 2268 Venter
638 2226 791 2276 ssavus,
826 2228 1036 2280 segmento
1071 2229 1217 2279 quarto
1246 2238 1300 2266 ex
1329 2226 1444 2281 nigro
1475 2226 1602 2266 fusco.
1659 2225 1792 2268 Pedes
1819 2226 1945 2281 nigri,
1977 2226 2070 2268 aub-

456 2292 724 2343 vireacentes,
760 2290 949 2347 genibus,
984 2290 1180 2331 tibiarum
1215 2291 1470 2332 anteriorum
1498 2291 1605 2342 basi,
1643 2292 1786 2348 primis
1815 2291 1975 2334 duobus
2003 2293 2071 2335 vel

456 2358 588 2400 tribus
621 2362 824 2399 tarsorum
858 2357 1091 2398 anticorum
1120 2356 1332 2411 tribusque
1361 2358 1699 2399 intermediorum
1727 2357 1911 2401 articulis
1941 2358 2071 2401 dilate

455 2423 760 2473 amicantibus,
795 2423 1046 2464 intermediis
1083 2428 1286 2464 tarsorum
1322 2424 1574 2479 pnsticorum
1611 2422 1796 2465 articulis
1831 2424 1940 2467 haud
1977 2439 2070 2468 raro

456 2489 583 2532 fuscis
610 2489 679 2531 vel
707 2487 924 2538 subfuscis3
953 2488 1107 2530 femora
1137 2489 1294 2544 postica
1322 2490 1441 2531 valde
1471 2491 1716 2541 incrassata,
1743 2503 1872 2532 coxae
1889 2492 2071 2548 posticae

457 2557 501 2598 in
529 2560 705 2610 utroque
731 2568 833 2597 sexu
861 2555 1047 2596 inermes.
1097 2553 1200 2596 Alae
1226 2554 1511 2609 subhyalinae,
1544 2570 1598 2597 ex
1625 2556 1742 2597 fusco
1772 2557 1972 2609 cinereae,
2000 2558 2069 2600 sti-

455 2627 593 2679 gmate
619 2621 826 2664 subfusco.
855 2643 909 2652 —
939 2621 1131 2674 (Illinois,
1153 2620 1410 2672 Wisconsin,
1438 2620 1788 2676 Oeten-Sacken.)

514 2688 654 2730 Nota.
721 2687 906 2742 Xylotae
941 2686 1176 2729 bisasciatae
1211 2687 1331 2744 Meig.
1361 2688 1590 2739 simillima,
1633 2694 1675 2731 at
1709 2690 1833 2745 paulo
1866 2692 2002 2734 minor
2029 2697 2068 2734 et

567 2754 675 2809 pube
703 2754 893 2796 breviore
920 2754 1068 2795 vestita
1098 2757 1172 2805 est,
1201 2768 1278 2797 nec
1305 2759 1435 2797 setam
1459 2759 1728 2797 antennarum
1749 2761 1879 2799 totam
1898 2758 2068 2814 nigram,

568 2821 639 2862 sed
668 2820 711 2861 in
739 2819 823 2861 basi
852 2820 1004 2865 luteam
1034 2818 1169 2861 habet.
