2640 3600
697 202 782 244 210
1297 207 1349 247 H.
1380 209 1521 248 Loew:
1551 207 1730 262 mpura

809 313 943 371 Caput
970 316 1143 371 nigrum,
1171 317 1309 358 fronte
1336 318 1562 359 virescente
1588 317 1818 367 subnitida„
1852 315 1954 357 l'acie
1981 315 2303 371 albo-pollinosa.

700 377 980 422 Antennarum
1008 381 1166 422 articuli
1198 383 1318 438 primi
1348 383 1431 425 duo
1462 383 1587 438 nigri,
1624 384 1768 424 tertius
1807 382 1941 432 rusus,
1978 382 2135 437 apicem
2166 396 2304 424 versus

701 444 934 487 infuscatus.
1003 446 1166 489 Thorax
1196 464 1247 490 ex
1279 450 1395 505 nigro
1427 450 1642 497 virescens.
1672 463 1836 504 opacus,
1867 449 1980 489 vittis
2009 449 2306 504 cinereo-polli-

701 511 813 552 nosis
840 512 1006 563 duabus,
1034 512 1227 555 obsoletis
1257 520 1297 555 et
1327 517 1483 570 postice
1512 515 1628 556 valde
1656 515 1911 556 abbreviatis.
1965 514 2194 556 Scutellum
2225 515 2305 569 pla-

701 590 813 626 num,
843 578 998 620 thoraci
1027 581 1233 621 concolor.
1278 580 1492 623 Abdomen
1521 595 1571 621 ex
1603 580 1720 634 nigro
1749 581 1892 631 viride,
1923 580 2110 631 nitidum,
2139 586 2307 635 punctu-

701 642 845 694 latum,
873 644 1105 687 brevissime
1133 645 1396 701 puberulum,
1431 647 1651 702 segmentis
1690 647 1829 701 primis
1866 646 2024 687 duobus
2052 646 2307 695 abbreviatis,

701 709 825 749 tertio
851 724 1086 765 permagno,
1115 717 1262 766 quarto
1293 713 1517 767 majusculo
1550 712 1882 753 semiorhiculari.
1942 712 2067 754 Pedes
2098 713 2215 767 nigri,
2243 728 2307 769 ge·

700 773 818 816 nibus
845 778 1012 818 summis
1041 782 1325 832 tarsorumque
1354 779 1438 821 basi
1467 794 1518 820 ex
1555 779 1783 833 ferrugineo
1814 777 1923 819 rufis.
2002 778 2211 821 Halterum
2240 794 2306 835 pe·

701 840 902 883 dunculus
930 843 1077 895 luteus,
1106 844 1326 899 capitulum
1363 846 1579 901 nigricans.
1637 845 1739 885 Alae
1767 844 2080 895 subinfuscatae,
2110 847 2222 886 venis
2250 847 2307 887 ni-

700 907 827 1015 grilslib
844 910 1060 964 segmentis
1105 909 1257 952 ultimis
1302 910 1460 952 duobus
1503 915 1641 953 costae
1681 909 2006 964 subaequalibus.
2053 933 2101 940 -
2145 910 2307 964 (saka,

734 987 756 1014 a
830 977 932 1030 erg.)

812 1108 880 1149 99.
911 1109 1140 1149 Scaiella
1167 1111 1401 1162 sejuncta
1431 1123 1525 1150 nov.
1547 1125 1606 1165 sp.
1643 1108 1688 1155 Ω.
1748 1109 1903 1165 Nigra,
1932 1123 2076 1163 opaca,
2103 1109 2310 1150 abdomine

700 1173 950 1214 nitidissimo
977 1175 1283 1227 aubvirescenee,
1312 1182 1518 1216 Sat-sorum
1545 1176 1633 1217 basi
1660 1176 1785 1231 rusd5
1819 1176 1909 1215 alae
1937 1176 2107 1216 maculis
2135 1176 2308 1231 quadra-

701 1240 757 1279 tis
784 1244 921 1295 nigris
947 1241 1165 1297 confertim
1194 1248 1446 1297 variegatae,
1472 1248 1637 1296 punctis
1665 1247 1815 1298 nigris,
1843 1255 1967 1282 venas
1993 1256 2075 1282 non
2103 1248 2308 1296 tangenti·

700 1305 773 1345 bus
801 1310 846 1346 in
873 1308 1026 1348 eelltdis
1059 1309 1358 1364 submerginnli
1392 1316 1430 1349 el
1466 1315 1695 1363 posteriore
1729 1311 1866 1362 prima
1903 1312 2011 1348 inter
2040 1305 2220 1349 maculas
2250 1314 2307 1350 in-

701 1372 894 1424 terjectis.
925 1397 979 1402 —-
1009 1372 1135 1429 Long.
1166 1389 1277 1430 corp.
1311 1376 1330 1415 l
1364 1375 1449 1424 lin.,
1479 1374 1604 1430 Long.
1636 1376 1686 1416 al.
1719 1376 1770 1427 l-g-
1802 1374 1871 1414 lin.

811 1437 922 1480 Scat.
952 1441 1171 1495 quadratae
1202 1440 1298 1482 Fall.
1337 1446 1378 1482 et
1405 1442 1516 1483 Scat.
1545 1441 1845 1483 Stenhammari
1876 1439 1984 1481 Zeu.
2013 1440 2230 1490 simillima,
2257 1442 2306 1482 ab

702 1504 778 1545 hac
805 1511 1001 1546 tarsorum
1033 1506 1118 1547 basi
1148 1507 1257 1557 rufa,
1294 1507 1343 1548 ab
1381 1508 1555 1562 utraque
1590 1522 1762 1563 corpore
1799 1507 1920 1563 paulo
1958 1506 2111 1561 majore
2138 1507 2309 1548 alarum-

702 1583 783 1624 que
810 1571 971 1626 picturi),
998 1573 1168 1615 diversa.
1258 1573 1438 1615 Maculae
1468 1574 1640 1616 costales
1678 1574 1831 1614 alarum
1870 1572 2102 1626 inaequales
2131 1573 2310 1627 quinque

702 1637 769 1678 vel
802 1651 896 1688 sex;
936 1638 1042 1680 inter
1085 1653 1207 1681 venas
1252 1639 1568 1695 longitudinales
1603 1640 1821 1682 secundam
1856 1643 1899 1679 et
1942 1639 2105 1679 tertiam
2141 1640 2309 1680 maculis

702 1703 910 1757 quadratis
945 1711 1093 1760 puncta
1131 1706 1212 1746 duo
1249 1719 1271 1745 a
1301 1706 1414 1747 venis
1444 1711 1599 1748 remota
1629 1706 1842 1760 interjecta
1872 1709 1989 1754 sunt,
2025 1704 2130 1746 inter
2166 1719 2309 1746 venam

704 1770 865 1811 tertiam
895 1775 936 1812 et
964 1776 1147 1825 quartam
1178 1775 1331 1827 puncta
1359 1773 1437 1814 tria
1473 1786 1565 1814 cum
1602 1772 1769 1813 maculis
1804 1772 2047 1813 alternantia
2074 1777 2310 1823 cernuntur,

702 1849 725 1876 a
755 1837 862 1878 venii
889 1838 1009 1879 tertia
1036 1839 1169 1879 minus
1198 1851 1319 1891 quam
1350 1851 1371 1878 a
1400 1840 1545 1892 quarta
1574 1839 1786 1889 distantia,
1821 1837 1945 1879 tertio
1980 1851 2071 1879 cum
2100 1838 2203 1879 vena
2232 1842 2309 1880 ter-

702 1902 763 1944 tia.
790 1903 993 1944 interdum
1021 1904 1231 1958 contiguo.
1289 1904 1500 1947 Halterum
1529 1906 1751 1962 capitulum
1779 1905 1821 1945 in
1849 1903 2138 1959 speciminibus
2167 1904 2309 1946 descri-

703 1968 785 2023 ptis
814 1969 997 2025 nigricat.
1028 1995 1080 2002 -
1110 1969 1269 2023 (Sitka;
1297 1970 1528 2026 Sahlberg.)

820 2102 912 2145 100.
960 2103 1195 2158 Par-ydra
1229 2108 1377 2145 varin
1415 2117 1511 2145 nov·
1547 2117 1608 2158 sp.
1656 2101 1710 2149 0².
1771 2104 1838 2144 Ex
1866 2105 2047 2144 olivae-eo
2083 2117 2310 2155 nemmem,

691 2169 818 2225 socie
844 2169 960 2210 valde
987 2170 1144 2220 declivi,
1170 2170 1340 2223 pedibus
1359 2171 1461 2224 ruso
1479 2176 1517 2210 ei
1537 2175 1662 2226 nigro
1681 2171 1824 2220 variis,
1852 2171 1933 2210 olis
1949 2169 2111 2226 succis,
2138 2171 2311 2211 dilutius

703 2240 933 2292 variegatis
967 2242 1003 2277 el
1028 2241 1166 2292 gultis
1199 2242 1374 2292 quinque
1410 2237 1557 2277 albidis
1583 2241 1763 2287 notulis,
1796 2236 1900 2277 vend
1926 2237 2221 2292 loisgiiudinnli
2248 2252 2310 2278 sc-

704 2303 839 2344 cunda
865 2303 1193 2357 appendiculam.
1215 2325 1267 2333 -—
1288 2301 1414 2358 Long.
1437 2316 1547 2359 corp.
1571 2304 1621 2357 1÷
1640 2304 1726 2354 lin.,
1754 2302 1882 2358 Long.
1902 2302 1953 2344 al.
1977 2304 2058 2358 13³5
2076 2302 2149 2343 lin.

815 2368 878 2410 Ex
906 2370 1086 2412 olivaceo
1116 2383 1346 2411 aenescens.
1406 2369 1543 2411 Facies
1571 2370 1691 2411 valde
1720 2369 1899 2419 declivis,
1927 2382 2049 2425 supra
2077 2368 2233 2424 polline
2259 2369 2311 2411 al·

705 2436 802 2477 bido
837 2436 1050 2491 subopaca.
1108 2436 1325 2477 Antennae
1359 2435 1509 2477 fuscae.
1566 2436 1794 2478 Scutellum
1831 2436 2028 2490 simpleX,
2064 2435 2184 2476 valde
2218 2449 2308 2477 con·

706 2516 875 2554 vexum,
911 2516 962 2544 ex
997 2503 1113 2558 nigro
1151 2503 1372 2552 virescens,
1406 2502 1595 2544 nitidum.
1655 2502 1870 2544 Abdomen
1899 2501 2070 2543 obscure
2098 2501 2312 2551 virescens,

705 2569 896 2620 nitidum,
925 2568 1101 2610 breviter
1130 2568 1272 2623 nigro·
1291 2567 1527 2622 pubescens,
1556 2568 1747 2610 lateribus
1776 2582 1825 2609 ex
1856 2581 2008 2622 cupreo
2037 2568 2183 2609 aeneis.
2243 2566 2311 2609 Pe·

706 2636 778 2677 des
806 2635 926 2689 nigri,
954 2634 1293 2685 trochanteribus,
1323 2633 1521 2675 femorum
1551 2635 1677 2690 apice,
1707 2634 1899 2675 tibiarum
1927 2633 2011 2674 basi
2040 2637 2081 2674 et
2099 2634 2215 2689 apice
2234 2638 2309 2675 tar-

704 2702 842 2755 sisque
870 2701 1060 2742 omnibus
1089 2705 1249 2756 praeter
1275 2701 1431 2755 apicem
1461 2700 1632 2742 obscure
1661 2700 1774 2742 rufis.
1844 2699 2028 2741 Halteres
2057 2699 2309 2741 lucescentes,
2358 2729 2362 2734 ,

707 2768 808 2810 Alae
835 2766 986 2817 fuscae,
1013 2767 1147 2808 lituris
1176 2767 1334 2823 aliquot
1364 2767 1628 2808 dilatioribus
1649 2781 1776 2821 prope
1794 2767 1950 2822 apicem
1970 2766 2178 2821 guttisque
2197 2767 2309 2820 quin-

707 2849 800 2890 que,
816 2835 849 2876 si
865 2834 999 2875 lumen
1021 2834 1325 2883 transmittitur,
1344 2832 1616 2874 albicantibus
1636 2834 1877 2889 variegatae,
1907 2833 2008 2874 vena
2027 2832 2312 2887 longitudinali

706 2901 884 2945 secunda
910 2899 1229 2956 appendiculata.
1250 2921 1305 2930 --
1333 2898 1493 2951 (Sitka,
1521 2898 1755 2954 Sahlberg.)

763 2966 905 3009 Nota.
962 2965 1087 3008 Tibiis
1115 2966 1261 3008 anticis
1291 2965 1390 3007 totis
1419 2964 1519 3006 ruiis
1550 2967 1687 3007 variat.

1373 3057 1650 3077 ,φ-
